@article{rocha2008natural,
  title={Natural computation meta-heuristics for the in silico optimization of microbial strains},
  author={Rocha, Miguel and Maia, Paulo and Mendes, Rui and Pinto, Jos{\'e} P and Ferreira, Eug{\'e}nio C and Nielsen, Jens and Patil, Kiran Raosaheb and Rocha, Isabel},
  journal={BMC bioinformatics},
  volume={9},
  number={1},
  pages={1--16},
  year={2008},
  publisher={BioMed Central}
}

@ARTICLE{rochasilicolife,
AUTHOR={Kim, Osvaldo D. and Rocha, Miguel and Maia, Paulo},
TITLE={A Review of Dynamic Modeling Approaches and Their Application in Computational Strain Optimization for Metabolic Engineering},
JOURNAL={Frontiers in Microbiology},
VOLUME={9},
YEAR={2018},
URL={https://www.frontiersin.org/article/10.3389/fmicb.2018.01690},
DOI={10.3389/fmicb.2018.01690},
ISSN={1664-302X},
}

@article{pereira2021mewpy,
  title={MEWpy: a computational strain optimization workbench in Python},
  author={Pereira, V{\'\i}tor and Cruz, Fernando and Rocha, Miguel},
  journal={Bioinformatics},
  volume={37},
  number={16},
  pages={2494--2496},
  year={2021},
  publisher={Oxford University Press}
}

@article{pereira2021combinatorial,
  title={Combinatorial Optimization of Succinate Production in Escherichia coli},
  author={Pereira, V{\'\i}tor and Rocha, Miguel},
  booktitle={International Conference on Practical Applications of Computational Biology \& Bioinformatics},
  pages={155--164},
  year={2021},
  organization={Springer}
}

@article{yee2012current,
  title={Current modeling methods used in QSAR/QSPR},
  author={Yee, Liew Chin and Wei, Yap Chun},
  journal={assessment},
  volume={10},
  pages={11},
  year={2012}
}

@article{fabre1998phenylethyl,
  title={Phenylethyl Alcohol: An Aroma Profile},
  author={Fabre, CE and Blanc, RJ and Gorna, G},
  journal={Perfumer and Flavorist},
  volume={23},
  pages={43--46},
  year={1998},
  publisher={ALLURED PUBLISHING CORPORATION}
}

@article{hua2011recent,
  title={Recent advances in biotechnological production of 2-phenylethanol},
  author={Hua, Dongliang and Xu, Ping},
  journal={Biotechnology advances},
  volume={29},
  number={6},
  pages={654--660},
  year={2011},
  publisher={Elsevier}
}

@article{aromaticcoumounds,
    author = {Su√°stegui, Miguel and Shao, Zengyi},
    title = "{Yeast factories for the production of aromatic compounds: from building blocks to plant secondary metabolites}",
    journal = {Journal of Industrial Microbiology and Biotechnology},
    volume = {43},
    number = {11},
    pages = {1611-1624},
    year = {2016},
    month = {11},
    issn = {1367-5435},
    doi = {10.1007/s10295-016-1824-9},
    url = {https://doi.org/10.1007/s10295-016-1824-9},
    eprint = {https://academic.oup.com/jimb/article-pdf/43/11/1611/36817540/jimb1611.pdf},
}

@article{etschmann2002biotechnological,
  title={Biotechnological production of 2-phenylethanol},
  author={Etschmann, M and Bluemke, W and Sell, D and Schrader, J},
  journal={Applied microbiology and biotechnology},
  volume={59},
  number={1},
  pages={1--8},
  year={2002},
  publisher={Springer}
}

@misc{globalmarketinsightsinc, 
 title={2-phenylethanol market share 2021-2027: Industry statistics},
 author={Kunal Ahuja and Kritika Mamtani},
 url={https://www.gminsights.com/industry-analysis/2-phenylethanol-market}, 
 journal={Global Market Insights Inc.}
} 

@article{patil2005evolutionary,
  title={Evolutionary programming as a platform for in silico metabolic engineering},
  author={Patil, Kiran Raosaheb and Rocha, Isabel and F{\"o}rster, Jochen and Nielsen, Jens},
  journal={BMC bioinformatics},
  volume={6},
  number={1},
  pages={1--12},
  year={2005},
  publisher={BioMed Central}
}

@article{bartz2014evolutionary,
  title={Evolutionary algorithms},
  author={Bartz-Beielstein, Thomas and Branke, J{\"u}rgen and Mehnen, J{\"o}rn and Mersmann, Olaf},
  journal={Wiley Interdisciplinary Reviews: Data Mining and Knowledge Discovery},
  volume={4},
  number={3},
  pages={178--195},
  year={2014},
  publisher={Wiley Online Library}
}

@article{etschmann2003screening,
  title={Screening of yeasts for the production of the aroma compound 2-phenylethanol in a molasses-based medium},
  author={Etschmann, MMW and Sell, D and Schrader, J},
  journal={Biotechnology Letters},
  volume={25},
  number={7},
  pages={531--536},
  year={2003},
  publisher={Springer}
}

@article{wang2019advances,
  title={Advances in 2-phenylethanol production from engineered microorganisms},
  author={Wang, Yuqin and Zhang, Hao and Lu, Xinyao and Zong, Hong and Zhuge, Bin},
  journal={Biotechnology advances},
  volume={37},
  number={3},
  pages={403--409},
  year={2019},
  publisher={Elsevier}
}

@article{edwards1999systems,
  title={Systems properties of the Haemophilus influenzaeRd metabolic genotype},
  author={Edwards, Jeremy S and Palsson, Bernhard O},
  journal={Journal of Biological Chemistry},
  volume={274},
  number={25},
  pages={17410--17416},
  year={1999},
  publisher={ASBMB}
}

@article{lu2019consensus,
  title={A consensus S. cerevisiae metabolic model Yeast8 and its ecosystem for comprehensively probing cellular metabolism},
  author={Lu, Hongzhong and Li, Feiran and S{\'a}nchez, Benjam{\'\i}n J and Zhu, Zhengming and Li, Gang and Domenzain, Iv{\'a}n and Marci{\v{s}}auskas, Simonas and Anton, Petre Mihail and Lappa, Dimitra and Lieven, Christian and others},
  journal={Nature communications},
  volume={10},
  number={1},
  pages={1--13},
  year={2019},
  publisher={Nature Publishing Group}
}

@article{gu2019current,
  title={Current status and applications of genome-scale metabolic models},
  author={Gu, Changdai and Kim, Gi Bae and Kim, Won Jun and Kim, Hyun Uk and Lee, Sang Yup},
  journal={Genome biology},
  volume={20},
  number={1},
  pages={1--18},
  year={2019},
  publisher={Springer}
}

@article{hazelwood2008ehrlich,
  title={The Ehrlich pathway for fusel alcohol production: a century of research on Saccharomyces cerevisiae metabolism},
  author={Hazelwood, Lucie A and Daran, Jean-Marc and Van Maris, Antonius JA and Pronk, Jack T and Dickinson, J Richard},
  journal={Applied and environmental microbiology},
  volume={74},
  number={8},
  pages={2259--2266},
  year={2008},
  publisher={Am Soc Microbiol}
}

@article{yin2015improving,
  title={Improving 2-phenylethanol production via Ehrlich pathway using genetic engineered Saccharomyces cerevisiae strains},
  author={Yin, Sheng and Zhou, Hui and Xiao, Xiao and Lang, Tiandan and Liang, Jingru and Wang, Chengtao},
  journal={Current microbiology},
  volume={70},
  number={5},
  pages={762--767},
  year={2015},
  publisher={Springer}
}

@article{kim2014metabolic,
  title={Metabolic engineering of Saccharomyces cerevisiae for the production of 2-phenylethanol via Ehrlich pathway},
  author={Kim, Bosu and Cho, Bo-Ram and Hahn, Ji-Sook},
  journal={Biotechnology and bioengineering},
  volume={111},
  number={1},
  pages={115--124},
  year={2014},
  publisher={Wiley Online Library}
}

@article{qian2019current,
  title={Current status and perspectives of 2-phenylethanol production through biological processes},
  author={Qian, Xiujuan and Yan, Wei and Zhang, Wenming and Dong, Weiliang and Ma, Jiangfeng and Ochsenreither, Katrin and Jiang, Min and Xin, Fengxue},
  journal={Critical Reviews in Biotechnology},
  volume={39},
  number={2},
  pages={235--248},
  year={2019},
  publisher={Taylor \& Francis}
}

@article{price2003genome,
  title={Genome-scale microbial in silico models: the constraints-based approach},
  author={Price, Nathan D and Papin, Jason A and Schilling, Christophe H and Palsson, Bernhard O},
  journal={Trends in biotechnology},
  volume={21},
  number={4},
  pages={162--169},
  year={2003},
  publisher={Elsevier}
}

@article{orth2010flux,
  title={What is flux balance analysis?},
  author={Orth, Jeffrey D and Thiele, Ines and Palsson, Bernhard {\O}},
  journal={Nature biotechnology},
  volume={28},
  number={3},
  pages={245--248},
  year={2010},
  publisher={Nature Publishing Group}
}

@article{kauffman2003advances,
  title={Advances in flux balance analysis},
  author={Kauffman, Kenneth J and Prakash, Purusharth and Edwards, Jeremy S},
  journal={Current opinion in biotechnology},
  volume={14},
  number={5},
  pages={491--496},
  year={2003},
  publisher={Elsevier}
}

@incollection{haggart2011whole,
  title={Whole-genome metabolic network reconstruction and constraint-based modeling},
  author={Haggart, Charles R and Bartell, Jennifer A and Saucerman, Jeffrey J and Papin, Jason A},
  booktitle={Methods in enzymology},
  volume={500},
  pages={411--433},
  year={2011},
  publisher={Elsevier}
}

@article{jenior2020transcriptome,
  title={Transcriptome-guided parsimonious flux analysis improves predictions with metabolic networks in complex environments},
  author={Jenior, Matthew L and Moutinho Jr, Thomas J and Dougherty, Bonnie V and Papin, Jason A},
  journal={PLoS computational biology},
  volume={16},
  number={4},
  pages={e1007099},
  year={2020},
  publisher={Public Library of Science San Francisco, CA USA}
}

@article{segre2002analysis,
  title={Analysis of optimality in natural and perturbed metabolic networks},
  author={Segre, Daniel and Vitkup, Dennis and Church, George M},
  journal={Proceedings of the National Academy of Sciences},
  volume={99},
  number={23},
  pages={15112--15117},
  year={2002},
  publisher={National Acad Sciences}
}

@article{shlomi2005regulatory,
  title={Regulatory on/off minimization of metabolic flux changes after genetic perturbations},
  author={Shlomi, Tomer and Berkman, Omer and Ruppin, Eytan},
  journal={Proceedings of the national academy of sciences},
  volume={102},
  number={21},
  pages={7695--7700},
  year={2005},
  publisher={National Acad Sciences}
}

@article{maia2016silico,
  title={In silico constraint-based strain optimization methods: the quest for optimal cell factories},
  author={Maia, Paulo and Rocha, Miguel and Rocha, Isabel},
  journal={Microbiology and Molecular Biology Reviews},
  volume={80},
  number={1},
  pages={45--67},
  year={2016},
  publisher={Am Soc Microbiol}
}

@article{biggmodels,
    author = {King, Zachary A. and Lu, Justin and Dr√É¬§ger, Andreas and Miller, Philip and Federowicz, Stephen and Lerman, Joshua A. and Ebrahim, Ali and Palsson, Bernhard O. and Lewis, Nathan E.},
    title = "{BiGG Models: A platform for integrating, standardizing and sharing genome-scale models}",
    journal = {Nucleic Acids Research},
    volume = {44},
    number = {D1},
    pages = {D515-D522},
    year = {2015},
    month = {10},
    abstract = "{Genome-scale metabolic models are mathematically-structured knowledge bases that can be used to predict metabolic pathway usage and growth phenotypes. Furthermore, they can generate and test hypotheses when integrated with experimental data. To maximize the value of these models, centralized repositories of high-quality models must be established, models must adhere to established standards and model components must be linked to relevant databases. Tools for model visualization further enhance their utility. To meet these needs, we present BiGG Models (http://bigg.ucsd.edu), a completely redesigned Biochemical, Genetic and Genomic knowledge base. BiGG Models contains more than 75 high-quality, manually-curated genome-scale metabolic models. On the website, users can browse, search and visualize models. BiGG Models connects genome-scale models to genome annotations and external databases. Reaction and metabolite identifiers have been standardized across models to conform to community standards and enable rapid comparison across models. Furthermore, BiGG Models provides a comprehensive application programming interface for accessing BiGG Models with modeling and analysis tools. As a resource for highly curated, standardized and accessible models of metabolism, BiGG Models will facilitate diverse systems biology studies and support knowledge-based analysis of diverse experimental data.}",
    issn = {0305-1048},
    doi = {10.1093/nar/gkv1049},
    url = {https://doi.org/10.1093/nar/gkv1049},
    eprint = {https://academic.oup.com/nar/article-pdf/44/D1/D515/16661243/gkv1049.pdf},
}

@article{cobrapy,
  title={COBRApy: constraints-based reconstruction and analysis for python},
  author={Ebrahim, Ali and Lerman, Joshua A and Palsson, Bernhard O and Hyduke, Daniel R},
  journal={BMC systems biology},
  volume={7},
  number={1},
  pages={1--6},
  year={2013},
  publisher={Springer}
}

@article{EhrlichberDB,
  title={{\"U}ber die Bedingungen der Fusel{\"o}lbildung und {\"u}ber ihren Zusammenhang mit dem Eiwei{\ss}aufbau der Hefe},
  author={Felix Ehrlich},
  journal={European Journal of Inorganic Chemistry},
  volume={40},
  pages={1027-1047}
}